<?xml version="1.0" encoding="UTF-8"?><collection xmlns="http://www.loc.gov/MARC21/slim"><record><leader>00569nam--2200205-i-4500</leader><controlfield tag="001">000048134</controlfield><controlfield tag="002">20161230</controlfield><controlfield tag="005">20161230201046</controlfield><controlfield tag="008">060222s1000------------r-----000-0-eng-d</controlfield><datafield ind1=" " ind2=" " tag="020"><subfield code="a">0471928534</subfield></datafield><datafield ind1=" " ind2=" " tag="040"><subfield code="a">IFIN-HH</subfield></datafield><datafield ind1=" " ind2=" " tag="080"><subfield code="a">535.82(06)</subfield></datafield><datafield ind1="1" ind2=" " tag="100"><subfield code="a">Robards, A.W</subfield></datafield><datafield ind1="1" ind2="0" tag="245"><subfield code="a">Procedures in electron microscopy</subfield><subfield code="c">A.w. robards, a.j. wilson (principal editors)</subfield></datafield><datafield ind1=" " ind2=" " tag="260"><subfield code="a">Chichester</subfield><subfield code="b">John Wiley &amp; Sons Ltd</subfield><subfield code="c">1998</subfield></datafield><datafield ind1=" " ind2=" " tag="300"><subfield code="a">2 VOLUME</subfield></datafield><datafield ind1="1" ind2=" " tag="700"><subfield code="a">Wilson, A.J</subfield><subfield code="e">Ed</subfield></datafield><datafield ind1="1" ind2=" " tag="787"><subfield code="a">Volume 2</subfield><subfield code="h">1098p</subfield></datafield><datafield ind1=" " ind2=" " tag="852"><subfield code="a">81217</subfield><subfield code="c">537.53.35</subfield></datafield><datafield ind1=" " ind2=" " tag="CAT"><subfield code="a">Sys</subfield><subfield code="c">20111102</subfield><subfield code="h">145716</subfield></datafield></record></collection>